@article{holland1992genetic,
	title={Genetic algorithms},
	author={Holland, John H},
	journal={Scientific american},
	volume={267},
	number={1},
	pages={66--73},
	year={1992},
	publisher={JSTOR}
}

@book{engelbrecht2007computational,
	title={Computational intelligence: an introduction},
	author={Engelbrecht, Andries P},
	year={2007},
	publisher={John Wiley \& Sons}
}

@article{dorigo1996ant,
	title={Ant system: optimization by a colony of cooperating agents},
	author={Dorigo, Marco and Maniezzo, Vittorio and Colorni, Alberto},
	journal={IEEE Transactions on Systems, Man, and Cybernetics, Part B (Cybernetics)},
	volume={26},
	number={1},
	pages={29--41},
	year={1996},
	publisher={IEEE}
}